% ------------- ode/obl --------------------------------
@article{ode-main,
	author={Rahnamayan, S. and Tizhoosh, H.R. and Salama, M.M.A.},
	journal={Evolutionary Computation, IEEE Transactions on},
	title={Opposition-Based Differential Evolution},
	year={2008},
	month={Feb},
	volume={12},
	number={1},
	pages={64-79},
}

@inproceedings{obl-main,
	author={Tizhoosh, H.R.},
	booktitle={Computational Intelligence for Modelling, Control and Automation, 2005 and International Conference on Intelligent Agents, Web Technologies and Internet Commerce, International Conference on},
	title={Opposition-Based Learning: A New Scheme for Machine Intelligence},
	year={2005},
	month={Nov},
	volume={1},
	pages={695-701},
}

@article{obl-rl,
  author    = {Hamid R. Tizhoosh and
               Shahryar Rahnamayan},
  title     = {Learning Opposites with Evolving Rules},
  journal   = {CoRR},
  volume    = {abs/1504.05619},
  year      = {2015},
  url       = {http://arxiv.org/abs/1504.05619},
}


% -------------- obl theories -------------------------------
@article{theory-1,
	title = "Opposition versus randomness in soft computing techniques ",
	journal = "Applied Soft Computing ",
	volume = "8",
	number = "2",
	pages = "906 - 918",
	year = "2008",
	author = "Shahryar Rahnamayan and Hamid R. Tizhoosh and Magdy M.A. Salama",
}


@article{theory-2,
	title = "Probabilistic properties of fitness-based quasi-reflection in evolutionary algorithms ",
	journal = "Computers \& Operations Research ",
	volume = "63",
	pages = "114 - 124",
	year = "2015",
	author = "M. Ergezer and D. Simon",
}

% ------------------ examples -----------------------------
@article{omoead,
	title = "MOEA/D with opposition-based learning for multiobjective optimization problem ",
	journal = "Neurocomputing ",
	volume = "146",
	pages = "48 - 64",
	year = "2014",
	author = "Xiaoliang Ma and Fang Liu and Yutao Qi and Maoguo Gong and Minglei Yin and Lingling Li and Licheng Jiao and Jianshe Wu",
}

@incollection{omode,
	year={2008},
	booktitle={Advances in Computation and Intelligence},
	volume={5370},
	series={Lecture Notes in Computer Science},
	editor={Kang, Lishan and Cai, Zhihua and Yan, Xuesong and Liu, Yong},
	title={A Novel Opposition-Based Multi-objective Differential Evolution Algorithm for Multi-objective Optimization},
	publisher={Springer Berlin Heidelberg},
	author={Peng, Lei and Wang, Yuanzhen and Dai, Guangming},
	pages={162-170},
}

@article{opso,
	title = "Enhancing particle swarm optimization using generalized opposition-based learning ",
	journal = "Information Sciences ",
	volume = "181",
	number = "20",
	pages = "4699 - 4714",
	year = "2011",
	note = "Special Issue on Interpretable Fuzzy Systems ",
	author = "Hui Wang and Zhijian Wu and Shahryar Rahnamayan and Yong Liu and Mario Ventresca"
}

@inproceedings{ode-robot,
	author={Kulk, J. and Welsh, J.S.},
	booktitle={Humanoid Robots (Humanoids), 2011 11th IEEE-RAS International Conference on},
	title={Using redundant fitness functions to improve optimisers for humanoid robot walking},
	year={2011},
	month={Oct},
	pages={312-317},
}

@inproceedings{foga-ode,
	 author = {Pei, Yan and Takagi, Hideyuki},
	 title = {Triple and Quadruple Comparison-based Interactive Differential Evolution and Differential Evolution},
	 booktitle = {Proceedings of the Twelfth Workshop on Foundations of Genetic Algorithms XII},
	 series = {FOGA XII '13},
	 year = {2013},
	 location = {Adelaide, Australia},
	 pages = {173--182},
	 publisher = {ACM},
	 address = {New York, NY, USA},
} 

@article{opbil,
	title = "A diversity maintaining population-based incremental learning algorithm ",
	journal = "Information Sciences ",
	volume = "178",
	number = "21",
	pages = "4038 - 4056",
	year = "2008",
	author = "Mario Ventresca and Hamid R. Tizhoosh",
}

@article{dynamic-systems,
	year={2010},
	journal={Nonlinear Dynamics},
	volume={61},
	number={1-2},
	title={Parameter identification of chaotic systems using improved differential evolution algorithm},
	publisher={Springer Netherlands},
	author={Ho, Wen-Hsien and Chou, Jyh-Horng and Guo, Ching-Yi},
	pages={29-41},
}

% --------------------- similar models ------------------------------------
@inproceedings{sts-1,
	author={Tirronen, V. and Neri, F. and Rossi, T.},
	booktitle={Evolutionary Computation, 2009. CEC '09. IEEE Congress on},
	title={Enhancing Differential Evolution frameworks by scale factor local search - Part I},
	year={2009},
	month={May},
	pages={94-101},
}

@inproceedings{sts-2,
	author={Neri, F. and Tirronen, V. and Karkkainen, T.},
	booktitle={Evolutionary Computation, 2009. CEC '09. IEEE Congress on},
	title={Enhancing Differential Evolution frameworks by scale factor local search - part II},
	year={2009},
	month={May},
	pages={118-125},
}

@article{directional-mutation,
	title = "A directional mutation operator for differential evolution algorithms ",
	journal = "Applied Soft Computing ",
	volume = "30",
	pages = "529 - 548",
	year = "2015",
	author = "Xin Zhang and Shiu Yin Yuen",
}

@article{segment-search,
	author={Miqing Li and Shengxiang Yang and Ke Li and Xiaohui Liu},
	journal={Cybernetics, IEEE Transactions on},
	title={Evolutionary Algorithms With Segment-Based Search for Multiobjective Optimization Problems},
	year={2014},
	month={Aug},
	volume={44},
	number={8},
	pages={1295-1313},
}

@article{search-history,
	author={Chi Kin Chow and Shiu Yin Yuen},
	journal={Evolutionary Computation, IEEE Transactions on},
	title={An Evolutionary Algorithm That Makes Decision Based on the Entire Previous Search History},
	year={2011},
	month={Dec},
	volume={15},
	number={6},
	pages={741-769},
}

% ------------------- standard algorithms --------------------------
@article{nsga2-main,
	author={Deb, K. and Pratap, A. and Agarwal, S. and Meyarivan, T.},
	journal={Evolutionary Computation, IEEE Transactions on},
	title={A fast and elitist multiobjective genetic algorithm: NSGA-II},
	year={2002},
	month={Apr},
	volume={6},
	number={2},
	pages={182-197},
}

@article{moead-main,
	author={Qingfu Zhang and Hui Li},
	journal={Evolutionary Computation, IEEE Transactions on},
	title={MOEA/D: A Multiobjective Evolutionary Algorithm Based on Decomposition},
	year={2007},
	month={Dec},
	volume={11},
	number={6},
	pages={712-731},
}

@misc{spea2-main,
	title={SPEA2: Improving the strength Pareto evolutionary algorithm},
	author={Zitzler, Eckart and Laumanns, Marco and Thiele, Lothar and Zitzler, Eckart and Zitzler, Eckart and Thiele, Lothar and Thiele, Lothar},
	year={2001},
	publisher={Eidgen{\"o}ssische Technische Hochschule Z{\"u}rich (ETH), Institut f{\"u}r Technische Informatik und Kommunikationsnetze (TIK)}
}

@article{nsga3-main-p1,
	author={Deb, K. and Jain, H.},
	journal={Evolutionary Computation, IEEE Transactions on},
	title={An Evolutionary Many-Objective Optimization Algorithm Using Reference-Point-Based Nondominated Sorting Approach, Part I: Solving Problems With Box Constraints},
	year={2014},
	month={Aug},
	volume={18},
	number={4},
	pages={577-601},
}

@article{nsga3-main-p2,
	author={Jain, H. and Deb, K.},
	journal={Evolutionary Computation, IEEE Transactions on},
	title={An Evolutionary Many-Objective Optimization Algorithm Using Reference-Point Based Nondominated Sorting Approach, Part II: Handling Constraints and Extending to an Adaptive Approach},
	year={2014},
	month={Aug},
	volume={18},
	number={4},
	pages={602-622},
}

% ------------------- benchmarks ------------------------------
@inproceedings{dtlz-set,
	author={Deb, K. and Thiele, L. and Laumanns, M. and Zitzler, E.},
	booktitle={Evolutionary Computation, 2002. CEC '02. Proceedings of the 2002 Congress on},
	title={Scalable multi-objective optimization test problems},
	year={2002},
	month={May},
	volume={1},
	pages={825-830},
}


@article{zdt-set,
	author={E. Zitzler and K. Deb and L. Thiele},
	title={{Comparison of Multiobjective Evolutionary Algorithms: Empirical Results}},
	journal={Evolutionary Computation},
	year={2000},
	volume={8},
	pages={173--195},
	number={2}
}

% ----------------------------- misc ------------------------------------
@article{nadir-estimation,
	author={Deb, K. and Miettinen, K. and Chaudhuri, S.},
	journal={Evolutionary Computation, IEEE Transactions on},
	title={Toward an Estimation of Nadir Objective Vector Using a Hybrid of Evolutionary and Local Search Approaches},
	year={2010},
	month={Dec},
	volume={14},
	number={6},
	pages={821-841},
}

@incollection{asf,
	year={1980},
	booktitle={Multiple Criteria Decision Making Theory and Application},
	volume={177},
	series={Lecture Notes in Economics and Mathematical Systems},
	editor={Fandel, GÃ¼nter and Gal, Tomas},
	title={The Use of Reference Objectives in Multiobjective Optimization},
	publisher={Springer Berlin Heidelberg},
	author={Wierzbicki, AndrzejP.},
	pages={468-486},
}

@article{wfg,
	author={While, L. and Bradstreet, L. and Barone, L.},
	journal={Evolutionary Computation, IEEE Transactions on},
	title={A Fast Way of Calculating Exact Hypervolumes},
	year={2012},
	volume={16},
	number={1},
	pages={86-95},
	month={Feb},
}

@inproceedings{innovization,
	author = {Deb, Kalyanmoy and Srinivasan, Aravind},
	title = {Innovization: Innovating Design Principles Through Optimization},
	booktitle = {Proceedings of the 8th Annual Conference on Genetic and Evolutionary Computation},
	series = {GECCO '06},
	year = {2006},
	location = {Seattle, Washington, USA},
	pages = {1629--1636},
	publisher = {ACM},
	address = {New York, NY, USA},
} 
